<record><leader>00000cas a22000007a 4500</leader><controlfield tag="001">54398063</controlfield><controlfield tag="008">040211c19999999ilusr ne      0   a0eng c</controlfield><datafield ind1=" " ind2=" " tag="010"><subfield code="a">  2004213535</subfield></datafield><datafield ind1=" " ind2=" " tag="040"><subfield code="a">NSD</subfield><subfield code="b">eng</subfield><subfield code="c">NSD</subfield><subfield code="d">OCLCQ</subfield></datafield><datafield ind1=" " ind2=" " tag="012"><subfield code="l">1</subfield></datafield><datafield ind1="0" ind2=" " tag="022"><subfield code="a">1548-6095</subfield><subfield code="l">1548-6087</subfield><subfield code="2">1</subfield></datafield><datafield ind1=" " ind2=" " tag="037"><subfield code="b">Strategic Human Services, North Lawndale Community News, 1211 South Western Ave., Ste. 203, Chicago, IL 60608</subfield></datafield><datafield ind1=" " ind2=" " tag="042"><subfield code="a">nsdp</subfield><subfield code="a">pcc</subfield></datafield><datafield ind1="1" ind2="0" tag="050"><subfield code="a">ISSN RECORD</subfield></datafield><datafield ind1=" " ind2="4" tag="222"><subfield code="a">The North Lawndale community news</subfield></datafield><datafield ind1="0" ind2="4" tag="245"><subfield code="a">The North Lawndale community news.</subfield></datafield><datafield ind1=" " ind2=" " tag="260"><subfield code="a">Chicago, IL :</subfield><subfield code="b">Strategic Human Services</subfield></datafield><datafield ind1=" " ind2=" " tag="300"><subfield code="a">v.</subfield></datafield><datafield ind1=" " ind2=" " tag="310"><subfield code="a">Semimonthly</subfield></datafield><datafield ind1="1" ind2=" " tag="362"><subfield code="a">Began in 1999.</subfield></datafield><datafield ind1=" " ind2=" " tag="500"><subfield code="a">Also issued in an online version.</subfield></datafield><datafield ind1=" " ind2=" " tag="588"><subfield code="a">Description based on: Vol. 15, no. 18 (Sept. 16-30, 2003).</subfield></datafield><datafield ind1=" " ind2=" " tag="752"><subfield code="a">United States</subfield><subfield code="b">Illinois</subfield><subfield code="d">Chicago.</subfield></datafield><datafield ind1="1" ind2=" " tag="776"><subfield code="t">North Lawndale community news (Online)</subfield><subfield code="x">1548-6087</subfield><subfield code="w">(DLC)  2004213536</subfield><subfield code="w">(OCoLC)54398182</subfield></datafield><datafield ind1="4" ind2="1" tag="856"><subfield code="u">http://www.nlcn.org/</subfield></datafield><datafield ind1="1" ind2=" " tag="029"><subfield code="a">AU@</subfield><subfield code="b">000025308931</subfield></datafield></record>